
@book{imageformationDTU,
  title={30330 Image analysis lecture 01b Image Formation and Image Sensing},
  author={Mathias Benn},
  isbn={},
  lccn={},
  url={},
  year={2020},
  publisher={DTU}
}

@online{lensdistortiongraphic,
    author = "Mathworks",
    title = "What Is Camera Calibration?",
    url  = "https://se.mathworks.com/help/vision/ug/calibration_radial_distortion.png",
    addendum = "(accessed: 23.11.2020)",
    keywords = "lensdistortion, graphic"
}
@online{findchessboardcornersOpenCV,
    author = "OpenCV",
    title = "Find chessboard corners",
    url  = "https://docs.opencv.org/master/d9/d0c/group__calib3d.html#gadc5bcb05cb21cf1e50963df26986d7c9",
    addendum = "(accessed: 28.11.2020)",
    keywords = "chessboard, corners"
}
@online{calibrateCameraOpenCV,
    author = "OpenCV",
    title = "Calibrate Camera",
    url  = "https://docs.opencv.org/master/d9/d0c/group__calib3d.html#ga93efa9b0aa890de240ca32b11253dd4a",
    addendum = "(accessed: 28.11.2020)",
    keywords = "calibration, camera, cameracalibration"
}
@online{OpenCVCameraCalibrationTutortial,
    author = "OpenCV",
    title = "Camera calibration With OpenCV ",
    url  = "https://docs.opencv.org/3.4/d4/d94/tutorial_camera_calibration.html",
    addendum = "(accessed: 3.12.2020)",
    keywords = "calibrationtutorial, camera, cameracalibration"
}



@inproceedings{AlgoForChessBoardDetection,
  title={Accurate Detection and Localization of Checkerboard Corners for Calibration},
  author={A. Duda and U. Frese},
  booktitle={BMVC},
  year={2018}
}

@online{laserDatasheet,
    author = "2010 HOWARD BATCHEN",
    title = "HLM1230 5mW RED LASER MODULE",
    url  = "https://www.seeedstudio.com/document/HLM1230.pdf",
    addendum = "(accessed: 2.12.2020)",
    keywords = "laser, datasheet, laserdatasheet"
}
@online{canonCamera,
    author = "Canon",
    title = "Canon EOS 2000D Specifications",
    url  = "https://www.canon.co.uk/cameras/eos-2000d/specifications/",
    addendum = "(accessed: 2.12.2020)",
    keywords = "camera, datasheet, cameradatasheet"
}
@online{rotationStage,
    author = "Physik Instrumente",
    title = "Precision Rotation Stage",
    url  = "https://static.physikinstrumente.com/fileadmin/user_upload/physik_instrumente/files/datasheets/M-060-Datasheet.pdf",
    addendum = "(accessed: 2.12.2020)",
    keywords = "stage, datasheet, rotatingstage"
}
@online{rotationStageController,
    author = "Physik Instrumente",
    title = "Mercury Servo Controller",
    url  = "https://static.pi-usa.us/fileadmin/user_upload/physik_instrumente/files/datasheets/C-863-Datasheet.pdf",
    addendum = "(accessed: 2.12.2020)",
    keywords = "controller, datasheet, rotatingstagecontroller"
}

@online{matlab_gaussfilt,
    author = "Mathworks",
    title = "2-D Gaussian filtering of images",
    url  = "https://se.mathworks.com/help/images/ref/imgaussfilt.html",
    addendum = "(accessed: 7.12.2020)",
    keywords = "imgaussfilt, matlab"
}
@online{matlab_strel,
    author = "Mathworks",
    title = "Morphological structuring element",
    url  = "https://se.mathworks.com/help/images/ref/strel.html",
    addendum = "(accessed: 8.12.2020)",
    keywords = "strel, matlab"
}
@online{matlab_imdilate,
    author = "Mathworks",
    title = "Dilate image",
    url  = "https://se.mathworks.com/help/images/ref/imdilate.html",
    addendum = "(accessed: 8.12.2020)",
    keywords = "imdilate, matlab"
}
@online{matlab_imfindcircles,
    author = "Mathworks",
    title = "Find circles using circular Hough transform",
    url  = "https://se.mathworks.com/help/images/ref/imfindcircles.html",
    addendum = "(accessed: 8.12.2020)",
    keywords = "imfindcircles, matlab"
}
@online{matlab_viscircles,
    author = "Mathworks",
    title = "Create circle",
    url  = "https://se.mathworks.com/help/images/ref/viscircles.html?searchHighlight=viscircles&s_tid=srchtitle",
    addendum = "(accessed: 8.12.2020)",
    keywords = "viscircles, matlab"
}
@online{matlab_bwboundaries,
    author = "Mathworks",
    title = "Trace region boundaries in binary image",
    url  = "https://se.mathworks.com/help/images/ref/bwboundaries.html",
    addendum = "(accessed: 15.12.2020)",
    keywords = "bwboundaries, matlab"
}

@book{gonzalez2018digitalChapter10.2,
  title={Digital Image Processing, Chapter 10.2},
  author={Gonzalez, R.C. and Woods, R.E.},
  isbn={9780133356724},
  lccn={2017001581},
  url={https://books.google.dk/books?id=0F05vgAACAAJ},
  year={2018},
  publisher={Pearson}
}
@book{gonzalez2018digitalChapter9,
  title={Digital Image Processing, Chapter 9},
  author={Gonzalez, R.C. and Woods, R.E.},
  isbn={9780133356724},
  lccn={2017001581},
  url={https://books.google.dk/books?id=0F05vgAACAAJ},
  year={2018},
  publisher={Pearson}
}
@book{gonzalez2018digitalChapter12.2,
  title={Digital Image Processing, Chapter 12.2},
  author={Gonzalez, R.C. and Woods, R.E.},
  isbn={9780133356724},
  lccn={2017001581},
  url={https://books.google.dk/books?id=0F05vgAACAAJ},
  year={2018},
  publisher={Pearson}
}
@online{mooreneighbourhood,
    author = "Mathworks",
    title = "Moore-Neighbor Tracing",
    url  = "http://www.imageprocessingplace.com/downloads_V3/root_downloads/tutorials/contour_tracing_Abeer_George_Ghuneim/moore.html",
    addendum = "(accessed: 15.12.2020)",
    keywords = "contour_tracing, moore"
}
